<?xml version="1.0" encoding="UTF-8"?>
<collection xmlns:xsi="http://www.w3.org/2001/XMLSchema-instance" xsi:schemaLocation="http://www.loc.gov/MARC21/slim http://www.loc.gov/standards/marcxml/schema/MARC21slim.xsd" xmlns="http://www.loc.gov/MARC21/slim">
<record>
  <leader>01179cam a22002171  4500</leader>
  <controlfield tag="001">3121205</controlfield>
  <controlfield tag="003">NNC</controlfield>
  <controlfield tag="005">20130426022528.0</controlfield>
  <controlfield tag="008">011023s1928    ua            000 0 ara d</controlfield>
  <datafield tag="035" ind1=" " ind2=" ">
    <subfield code="a">(OCoLC)ocm48196540</subfield>
  </datafield>
  <datafield tag="035" ind1=" " ind2=" ">
    <subfield code="9">ATV3423CU</subfield>
  </datafield>
  <datafield tag="035" ind1=" " ind2=" ">
    <subfield code="a">(NNC)3121205</subfield>
  </datafield>
  <datafield tag="040" ind1=" " ind2=" ">
    <subfield code="a">ZCU</subfield>
    <subfield code="c">ZCU</subfield>
  </datafield>
  <datafield tag="099" ind1=" " ind2=" ">
    <subfield code="a">893.7K84</subfield>
    <subfield code="a">DI96</subfield>
  </datafield>
  <datafield tag="100" ind1="0" ind2=" ">
    <subfield code="a">Abū al-Saʻūd Muḥammad ibn Muḥammad,</subfield>
    <subfield code="d">1492 or 1493-1574 or 1575.</subfield>
  </datafield>
  <datafield tag="240" ind1="1" ind2="0">
    <subfield code="a">Irshād al-ʻaql al-salīm ilá mazāyā al-Kitāb al-Karīm</subfield>
  </datafield>
  <datafield tag="245" ind1="0" ind2="0">
    <subfield code="a">Tafsīr Abī al-Suʻūd, al-musammā:</subfield>
    <subfield code="b">Irshād al-ʻaql al-salīm ilā mazāya al-Qurʾān al-karīm, li Abī-al-Suʻūd Muḥammad ibn Muḥammad al-ʻImādī.</subfield>
    <subfield code="c">Ṣuḥḥiḥat hādhihī al-ṭabʻah bi-maʻrifat baʻḍ afāḍil al-ʻulamā wa-qūbilat ʻalā ʻiddat nusakh wa-quriʾat fī al-marrah al-akhīrah ʻalā al-ustādh al-shaykh Ḥasan Muḥammad al-Masʻūdī (al-mudarris bi-al-Qism al-ʻĀlī bi-al-Azhar)</subfield>
  </datafield>
  <datafield tag="260" ind1=" " ind2=" ">
    <subfield code="a">[al-Qāhirah]</subfield>
    <subfield code="b">al-Maktabah al-Ḥusaynīyah al-Misrīyah (Muḥammad Muḥammad ʻAbd-al-Laṭif)</subfield>
    <subfield code="c">1347 [1928]</subfield>
  </datafield>
  <datafield tag="300" ind1=" " ind2=" ">
    <subfield code="a">5 v. in 3.</subfield>
  </datafield>
  <datafield tag="630" ind1="0" ind2="0">
    <subfield code="a">Qurʼan</subfield>
    <subfield code="v">Commentaries</subfield>
    <subfield code="v">Early works to 1800.</subfield>
  </datafield>
  <datafield tag="955" ind1=" " ind2=" ">
    <subfield code="b">0026814889</subfield>
    <subfield code="d">glx</subfield>
    <subfield code="e">893.7K84 DI96</subfield>
    <subfield code="v">v.1</subfield>
  </datafield>
</record>
</collection>